%% This BibTeX bibliography file was created using BibDesk.
%% https://bibdesk.sourceforge.io/

%% Created for Gabriel Cordier at 2020-07-25 18:08:42 +0200 


%% Saved with string encoding Unicode (UTF-8) 

@book{BigRudin,
	Author = {Rudin, Walter},
	Keywords = {Analysis, Rudin},
	Publisher = {McGraw-Hill},
	Title = {Real and Complex Analysis},
	Year = {1986}}
@book{FA,
	Author = {Rudin, Walter},
	Keywords = {Analysis, Rudin},
	Publisher = {McGraw-Hill},
	Title = {Functional Analysis},
	Year = {1991}}
@book{AnalyseIII,
	Author = {Schwartz, Laurent},
	Keywords = {analysis, integral calculus, Schwartz},
	Publisher = {Hermann},
	Title = {Analyse},
	Volume = {III (in French)},
	Year = {1997},
  Language={French}}
